@book{mannhold2011virtual,
  title={Virtual screening: principles, challenges, and practical guidelines},
  author={Mannhold, Raimund and Kubinyi, Hugo and Folkers, Gerd},
  volume={48},
  year={2011},
  publisher={John Wiley \& Sons}
}

@article{lengauer1996computational,
  title={Computational methods for biomolecular docking},
  author={Lengauer, Thomas and Rarey, Matthias},
  journal={Current opinion in structural biology},
  volume={6},
  number={3},
  pages={402--406},
  year={1996},
  publisher={Elsevier}
}

@article{kadukova2017convex,
  title={Convex-PL: a novel knowledge-based potential for protein-ligand interactions deduced from structural databases using convex optimization},
  author={Kadukova, Maria and Grudinin, Sergei},
  journal={Journal of computer-aided molecular design},
  volume={31},
  number={10},
  pages={943--958},
  year={2017},
  publisher={Springer}
}

@article{meng2011molecular,
  title={Molecular docking: a powerful approach for structure-based drug discovery},
  author={Meng, Xuan-Yu and Zhang, Hong-Xing and Mezei, Mihaly and Cui, Meng},
  journal={Current computer-aided drug design},
  volume={7},
  number={2},
  pages={146--157},
  year={2011},
  publisher={Bentham Science Publishers}
}

@book{boyd2004convex,
  title={Convex optimization},
  author={Boyd, Stephen and Boyd, Stephen P and Vandenberghe, Lieven},
  year={2004},
  publisher={Cambridge university press}
}
