@book{mannhold2011virtual,
  title={Virtual screening: principles, challenges, and practical guidelines},
  author={Mannhold, Raimund and Kubinyi, Hugo and Folkers, Gerd},
  volume={48},
  year={2011},
  publisher={John Wiley \& Sons}
}

@article{lengauer1996computational,
  title={Computational methods for biomolecular docking},
  author={Lengauer, Thomas and Rarey, Matthias},
  journal={Current opinion in structural biology},
  volume={6},
  number={3},
  pages={402--406},
  year={1996},
  publisher={Elsevier}
}

@article{kadukova2017convex,
  title={Convex-PL: a novel knowledge-based potential for protein-ligand interactions deduced from structural databases using convex optimization},
  author={Kadukova, Maria and Grudinin, Sergei},
  journal={Journal of computer-aided molecular design},
  volume={31},
  number={10},
  pages={943--958},
  year={2017},
  publisher={Springer}
}

@article{meng2011molecular,
  title={Molecular docking: a powerful approach for structure-based drug discovery},
  author={Meng, Xuan-Yu and Zhang, Hong-Xing and Mezei, Mihaly and Cui, Meng},
  journal={Current computer-aided drug design},
  volume={7},
  number={2},
  pages={146--157},
  year={2011},
  publisher={Bentham Science Publishers}
}

@article{kadukova2018docking,

title={Docking of small molecules to farnesoid X receptors using AutoDock Vina with the Convex-PL potential: lessons learned from D3R Grand Challenge 2},
author={Kadukova, Maria and Grudinin, Sergei},
journal={Journal of computer-aided molecular design},
volume={32},
number={1},
pages={151--162},
year={2018},
publisher={Springer}
}

@article{grudinin2016predicting,
title={Predicting binding poses and affinities for protein-ligand complexes in the 2015 D3R Grand Challenge using a physical model with a statistical parameter estimation},
author={Grudinin, Sergei and Kadukova, Maria and Eisenbarth, Andreas and Marillet, Simon and Cazals, Frederic},
journal={Journal of computer-aided molecular design},
volume={30},
number={9},
pages={791--804},
year={2016},
publisher={Springer}
}

@book{boyd2004convex,
  title={Convex optimization},
  author={Boyd, Stephen and Boyd, Stephen P and Vandenberghe, Lieven},
  year={2004},
  publisher={Cambridge university press}
}

@article{osqp,
  author  = {Stellato, Bartolomeo and Banjac, Goran and Goulart, Paul and Bemporad, Alberto and Boyd, Stephen},
  title   = {{{OSQP}}: An Operator Splitting Solver for Quadratic Programs},
  journal = {Mathematical Programming Computation},
  year    = {2020},
  doi     = {10.1007/s12532-020-00179-2},
  url     = {https://doi.org/10.1007/s12532-020-00179-2}
}

@article{osqp-infeasibility,
  author  = {Banjac, G. and Goulart, P. and Stellato, B. and Boyd, S.},
  title   = {Infeasibility detection in the alternating direction method of multipliers for convex optimization},
  journal = {Journal of Optimization Theory and Applications},
  year    = {2019},
  volume  = {183},
  number  = {2},
  pages   = {490--519},
  doi     = {10.1007/s10957-019-01575-y},
  url     = {https://doi.org/10.1007/s10957-019-01575-y},
}

@inproceedings{osqp-codegen,
  author    = {Banjac, G. and Stellato, B. and Moehle, N. and Goulart, P. and Bemporad, A. and Boyd, S.},
  title     = {Embedded code generation using the {OSQP} solver},
  booktitle = {IEEE Conference on Decision and Control (CDC)},
  year      = {2017},
  doi       = {10.1109/CDC.2017.8263928},
  url       = {https://doi.org/10.1109/CDC.2017.8263928},
}

@article{rmax1,
 title={An iterative knowledge-based scoring function for protein--protein recognition},
 author={Huang, Sheng-You and Zou, Xiaoqin},
 journal={Proteins: Structure, Function, and Bioinformatics},
 volume={72},
 number={2},
 pages={557--579},
 year={2008},
 publisher={Wiley Online Library}
}

@article{rmax2,
 title={DARS (Decoys As the Reference State) potentials for protein-protein docking},
 author={Chuang, Gwo-Yu and Kozakov, Dima and Brenke, Ryan and Comeau, Stephen R and Vajda, Sandor},
 journal={Biophysical journal},
 volume={95},
 number={9},
 pages={4217--4227},
 year={2008},
 publisher={Elsevier}
}

@article{rmax3,
 title={Contact potential that recognizes the correct folding of globular proteins},
 author={Maiorov, Vladimir N and Grippen, Gordon M},
 year={1992},
 publisher={Elsevier}
}

@article{rmax4,
 title={Atomically detailed potentials to recognize native and approximate protein structures},
 author={Qiu, Jian and Elber, Ron},
 journal={Proteins: Structure, Function, and Bioinformatics},
 volume={61},
 number={1},
 pages={44--55},
 year={2005},
 publisher={Wiley Online Library}
}

@article{rmax5,
 title={Optimal design of protein docking potentials: efficiency and limitations},
 author={Tobi, Dror and Bahar, Ivet},
 journal={Proteins: Structure, Function, and Bioinformatics},
 volume={62},
 number={4},
 pages={970--981},
 year={2006},
 publisher={Wiley Online Library}
}

@article{rmax6,
 title={Predicting protein complex geometries with a neural network},
 author={Chae, Myong-Ho and Krull, Florian and Lorenzen, Stephan and Knapp, Ernst-Walter},
 journal={Proteins: Structure, Function, and Bioinformatics},
 volume={78},
 number={4},
 pages={1026--1039},
 year={2010},
 publisher={Wiley Online Library}
}

